<record xmlns='http://www.loc.gov/MARC21/slim'><leader>01836cgm a2200433 a 4500</leader><controlfield tag='001'>4732334</controlfield><controlfield tag='005'>20141227130224.0</controlfield><controlfield tag='007'>vf|cbahou</controlfield><controlfield tag='008'>030626s1988    xx 126 e          vleng d</controlfield><datafield ind1=' ' ind2=' ' tag='035'><subfield code='a'>(OCoLC)52684880</subfield></datafield><datafield ind1=' ' ind2=' ' tag='035'><subfield code='a'>4732334</subfield></datafield><datafield ind1=' ' ind2=' ' tag='040'><subfield code='a'>NIC</subfield><subfield code='c'>NIC</subfield></datafield><datafield ind1=' ' ind2=' ' tag='043'><subfield code='a'>n-us---</subfield><subfield code='a'>f------</subfield></datafield><datafield ind1='0' ind2='0' tag='245'><subfield code='a'>State of Black America Conference</subfield><subfield code='h'>[videorecording] :</subfield><subfield code='b'>fulfilling the Pan-African promise /</subfield><subfield code='c'>[Cornell University, Africana Studies and Research Center].</subfield></datafield><datafield ind1=' ' ind2=' ' tag='260'><subfield code='c'>1988.</subfield></datafield><datafield ind1=' ' ind2=' ' tag='300'><subfield code='a'>1 videocassettes (126 min.) :</subfield><subfield code='b'>sd., col. ;</subfield><subfield code='c'>1/2 in.</subfield></datafield><datafield ind1=' ' ind2=' ' tag='538'><subfield code='a'>VHS.</subfield></datafield><datafield ind1=' ' ind2=' ' tag='500'><subfield code='a'>Title from data sheet.</subfield></datafield><datafield ind1='2' ind2=' ' tag='511'><subfield code='a'>Ben-Jochannan Yosef, Lawrence Lucaus.</subfield></datafield><datafield ind1=' ' ind2=' ' tag='518'><subfield code='a'>Videotaped on April 23, 1988.</subfield></datafield><datafield ind1=' ' ind2=' ' tag='520'><subfield code='a'>At the State of Black America Conference held at Cornell University in 1988, the speakers talk about the religious papects of Pan-Africanism.</subfield></datafield><datafield ind1=' ' ind2='0' tag='650'><subfield code='a'>Pan-Africanism</subfield><subfield code='v'>Congresses.</subfield></datafield><datafield ind1=' ' ind2='0' tag='650'><subfield code='a'>Christianity</subfield><subfield code='z'>Africa</subfield><subfield code='v'>Congresses.</subfield></datafield><datafield ind1=' ' ind2='0' tag='650'><subfield code='a'>Race relations</subfield><subfield code='x'>Religious aspects</subfield><subfield code='z'>United States</subfield><subfield code='v'>Congresses.</subfield></datafield><datafield ind1=' ' ind2='0' tag='650'><subfield code='a'>African Americans</subfield><subfield code='v'>Congresses.</subfield></datafield><datafield ind1=' ' ind2='7' tag='650'><subfield code='a'>African Americans</subfield><subfield code='2'>fast</subfield><subfield code='0'>(OCoLC)fst00799558</subfield></datafield><datafield ind1=' ' ind2='7' tag='650'><subfield code='a'>Christianity</subfield><subfield code='2'>fast</subfield><subfield code='0'>(OCoLC)fst00859599</subfield></datafield><datafield ind1=' ' ind2='7' tag='650'><subfield code='a'>Pan-Africanism</subfield><subfield code='2'>fast</subfield><subfield code='0'>(OCoLC)fst01051896</subfield></datafield><datafield ind1=' ' ind2='7' tag='650'><subfield code='a'>Race relations</subfield><subfield code='x'>Religious aspects</subfield><subfield code='2'>fast</subfield><subfield code='0'>(OCoLC)fst01086522</subfield></datafield><datafield ind1=' ' ind2='7' tag='651'><subfield code='a'>Africa</subfield><subfield code='2'>fast</subfield><subfield code='0'>(OCoLC)fst01239509</subfield></datafield><datafield ind1=' ' ind2='7' tag='651'><subfield code='a'>United States</subfield><subfield code='2'>fast</subfield><subfield code='0'>(OCoLC)fst01204155</subfield></datafield><datafield ind1=' ' ind2='7' tag='655'><subfield code='a'>Conference proceedings</subfield><subfield code='2'>fast</subfield><subfield code='0'>(OCoLC)fst01423772</subfield></datafield><datafield ind1='1' ind2=' ' tag='700'><subfield code='a'>Ben-Jochannan, Yosef.</subfield></datafield><datafield ind1='1' ind2=' ' tag='700'><subfield code='a'>Lucaus, Lawrence.</subfield></datafield><datafield ind1='2' ind2=' ' tag='710'><subfield code='a'>Cornell University.</subfield><subfield code='b'>Africana Studies and Research Center.</subfield></datafield><datafield ind1='2' ind2=' ' tag='711'><subfield code='a'>State of Black America Conference</subfield><subfield code='d'>(1988 :</subfield><subfield code='c'>Cornell University)</subfield></datafield><datafield ind1='1' ind2=' ' tag='948'><subfield code='a'>20030626</subfield><subfield code='b'>o</subfield><subfield code='d'>sok1</subfield><subfield code='e'>lts</subfield><subfield code='f'>?</subfield></datafield><datafield ind1='2' ind2=' ' tag='948'><subfield code='a'>20040526</subfield><subfield code='b'>a</subfield><subfield code='d'>cs269</subfield><subfield code='e'>lts</subfield></datafield><datafield ind1='2' ind2=' ' tag='948'><subfield code='a'>20141227</subfield><subfield code='b'>m</subfield><subfield code='d'>batch</subfield><subfield code='e'>lts</subfield><subfield code='x'>addfast</subfield></datafield></record>